<?xml version="1.0" encoding="UTF-8"?><collection xmlns="http://www.loc.gov/MARC21/slim"><record><leader>00387nam--2200133-i-4500</leader><controlfield tag="001">000035222</controlfield><controlfield tag="002">20161230</controlfield><controlfield tag="005">20161230201040</controlfield><controlfield tag="008">060222s1000------------r-----000-0-eng-d</controlfield><datafield ind1=" " ind2=" " tag="080"><subfield code="a">621.89.01:539.62</subfield></datafield><datafield ind1=" " ind2=" " tag="100"><subfield code="a">Pavelescu, Dan</subfield></datafield><datafield ind1=" " ind2=" " tag="245"><subfield code="a">Tribonetica. principii noi si aplicatii privind frecarea, uzarea si ungerea masinilor</subfield></datafield><datafield ind1=" " ind2=" " tag="260"><subfield code="a">Bucuresti, Ed.Tehnica, 1983, 279p</subfield></datafield><datafield ind1=" " ind2=" " tag="852"><subfield code="a">70968</subfield></datafield></record></collection>